@article{mccrae2012interchanging,
  title={Interchanging lexical resources on the Semantic Web},
  author={McCrae, John and Aguado-de-Cea, Guadalupe and Buitelaar, Paul and Cimiano, Philipp and Declerck, Thierry and G{\'o}mez-P{\'e}rez, Asunci{\'o}n and Gracia, Jorge and Hollink, Laura and Montiel-Ponsoda, Elena and Spohr, Dennis and others},
  journal={Language Resources and Evaluation},
  volume={46},
  number={4},
  pages={701--719},
  year={2012},
  publisher={Springer}
}